@Misc{ros-technical-overview,
        Title = {ROS/Techincal Overview},
        Author = {wiki.ros.org},
        Url = {http://wiki.ros.org/ROS/Technical Overview},
        Urldate = {2022-05-08}
}

@Misc{ros-concepts,
        Title = {ROS/Concepts},
        Author = {wiki.ros.org},
        Url = {https://wiki.ros.org/ROS/Concepts},
        Urldate = {2022-05-08}
}

@Misc{ros-intro,
        Title = {ROS/Introduction},
        Author = {wiki.ros.org},
        Url = {https://wiki.ros.org/ROS/Introduction},
        Urldate = {2022-05-08}
}

@Misc{emanual-turtlebot3-comp,
        Title = {Turtlebot3 e-manual Components},
        Author = {Open Robotics},
        Url = {https://emanual.robotis.com/docs/en/platform/turtlebot3/features/#components},
        Urldate = {2022-11-08}
}

@Misc{emanual-turtlebot3-ov,
        Title = {Turtlebot3 e-manual Overview},
        Author = {Open Robotics},
        Url = {https://emanual.robotis.com/docs/en/platform/turtlebot3/overview},
        Urldate = {2022-11-08}
}

@Misc{dict-cambridge,
        Title = {Cambridge Dictionary},
        Author = {Cambridge University},
        Url = {https://dictionary.cambridge.org/de/worterbuch/englisch/robot},
        Urldate = {2022-11-08}
}

@Misc{docker-host,
        Title = {Use host networking},
        Author = {docs.docker.com},
        Url = {https://docs.docker.com/network/host/},
        Urldate = {2022-05-08}
}

@Misc{watchdog,
        Title = {Watchdog — watchdog 0.8.2 documentation},
        Author = {Yesudeep Mangalapilly},
        Url = {https://pythonhosted.org/watchdog/},
        Urldate = {2022-10-08}
}

@Article{yolo,
  author        = {Joseph Redmon and Santosh Divvala and Ross Girshick and Ali Farhadi},
  title         = {You Only Look Once: Unified, Real-Time Object Detection},
  year          = {2015},
  month         = jun,
  archiveprefix = {arXiv},
  eprint        = {1506.02640},
}

@Article{yolov4,
  author        = {Alexey Bochkovskiy and Chien-Yao Wang and Hong-Yuan Mark Liao},
  title         = {YOLOv4: Optimal Speed and Accuracy of Object Detection},
  year          = {2020},
  month         = apr,
  archiveprefix = {arXiv},
  eprint        = {2004.10934},
}

@Misc{ultralytics,
        Title = {ultralytics/yolov5: YOLOv5 in PyTorch \> ONNX \> CoreML \> TFLite},
        Author = {Glenn Jocher},
        Url = {https://github.com/ultralytics/yolov5},
        Urldate = {2022-07-08}
}

@Misc{towards_ai,
        Title = {YOLO V5 — Explained and Demystified – Towards AI},
        Author = {Mihir Rajput},
        Url = {https://towardsai.net/p/computer-vision/yolo-v5%E2%80%8A-%E2%80%8Aexplained-and-demystified},
        Urldate = {2022-07-08}
}

@Misc{Int_TennisFederation,
         Author = {Int. Tennis Federation},
         Title = {2022 ITF Ball Approval Procedures},
         Url = {https://www.itftennis.com/media/5255/2022-itf-ball-approval-procedures.pdf},
         Urldate = {2022-06-08}
 }


@Misc{Ihme_Latenzarme,
    Author = {Thomas Ihme},
    Title = {Latenzarme Videopräsentation für FLL-Wettbewerbe},
    Url = {https://services.informatik.hs-mannheim.de/~ihme/fll-kamera/FLL-Videopraesentation.pdf},
    Urldate = {2022-06-08}
}

@Misc{Reichelt_RPIWWCAM2,
    Author = {Reichelt.com},
    Title = {RPI WWCAM2 Raspberry Pi - camera, 5MP, wide angle, 1080p, OV5647},
    Url = {https://www.reichelt.com/de/en/raspberry-pi-camera-5mp-wide-angle-1080p-ov5647-rpi-wwcam2-p219885.html},
    Urldate = {2022-06-08}
}
@Misc{UnravellingSensor,
    Author = {},
    Title = {Unravelling Sensor Sizes},
    Url = {https://www.photoreview.com.au/tips/buying/unravelling-sensor-sizes/},
    Urldate = {2022-06-08}
}